%%%%%%%%%%%%%%%%%%%%%%%%%%%%%%%%%%%%%%%%%%%%%%%%%%
%%%%%%%%%%%%%%%%%%SAMPLES%%%%%%%%%%%%%%%%%%%%%%%%%
%%%%%%%%%%%%%%%%%%%%%%%%%%%%%%%%%%%%%%%%%%%%%%%%%%
% ГОСТ Р 7.0.11-2011, Приложение Б, Книги
@BOOK{Sychev,
  author = {Сычёв, М. С.},
  title = {История Астраханвского казачьего войска: учебное пособие},
  address = {Астрахань},
  publisher = {Волга},
  year = {2009},
  pagetotal = {231},
  language = {russian}
}

@BOOK{Sokolov,
  author = {Соколов, А. Н. and Сердобинцев, К. С.},
  editor = {Бочарова, В. М.},
  address = {Астрахань},
  publisher = {Калиниградский ЮИ МВД России},
  title = {Гражданское общество: проблемы формирования и развития (философский и юридический аспекты): монография},
  year = {2009},
  pagetotal = {218},
  language = {russian}
}

@BOOK{Gaidaenko,
  author = {Гайдаенко, Т. А.},
  title = {Маркетинговое управление: принципы управленческих решений и российская практика},
  edition = {3-е изд, перераб. и доп.},
  address = {М.},
  publisher = {Эксмо: МИРБИС},
  year = {2008},
  pagetotal = {508},
  language = {russian}
}

@BOOK{Lermontov,
  author = {Лермонтов, Михаил Юрьевич},
  title = {Собрание сочинений: в 4 т.},
  address = {М.},
  publisher = {Терра-Кн. клуб},
  year = {2009},
  note = {4 т.},
  language = {russian}
}

@BOOK{Management,
  title = {Управление бизнесом: сборник статей},
  address = {Нижний новгород},
  publisher = {Изд-во Нижегородского университета},
  year = {2009},
  pagetotal = {243},
  language = {russian}
}

@BOOK{Borozda,
  author = {Борозда, И. В. and Воронин, Н. И. and Бушманов А. В.},
  title = {Лечение сочетанных повреждений таза},
  address = {Владивосток},
  publisher = {Дальнаука},
  year = {2009},
  pagetotal = {195},
  language = {russian}
}

@BOOK{Marketing,
  author = {Михненков, О. В. and Коготкова, И. З. and Генкин, Е. В. and Сороко, Г. Я.},
  title = {Маркетинговые исследования в строительстве: учебное пособие для студентов специальности «Менеджемент организаций»},
  address = {М.},
  publisher = {Государственный университет управления},
  year = {2005},
  pagetotal = {59},
  language = {russian}
}

% ГОСТ Р 7.0.11-2011, Приложение Б, Нормативные правовые акты
@BOOK{Constitution,
  title = {Конституция Российской Федерации: офиц. текст.},
  address = {М.},
  publisher = {Маркетинг},
  year = {2001},
  pagetotal = {39},
  language = {russian}
}

@BOOK{FamilyCode,
  title = {Семейный кодекс Российской Федерации: [федер. закон: принят Гос. Думой 8 дек. 1995~г.: по состоянию на 3~янв. 2001~г.]},
  address = {СПб.},
  publisher = {Стаун-кантри},
  year = {2001},
  pagetotal = {94},
  language = {russian}
}

% ГОСТ Р 7.0.11-2011, Приложение Б, Стандарты
@BOOK{Gost.7.0.53,
  title = {ГОСТ Р 7.0.53-2007 Система стандартов по информации, библиотечному и издательскому делу. Издания. Международный стандартный книжный номер. Использование и издательское оформление.},
  address = {М.},
  publisher = {Стандартинформ},
  year = {2007},
  pagetotal = {5},
  language = {russian}
}

% ГОСТ Р 7.0.11-2011, Приложение Б, Депонированные научные работы
@BOOK{Razumovski,
  author = {Разумовский, В. А. and Андреев, Д. А.},
  title = {Управление маркетинговыми исследованиями в регионе},
  address = {М.},
  year = {2002},
  pagetotal = {210},
  note = {Деп. в ИНИОН Рос. акад. наук 15.02.02, № 139876},
  language = {russian}
}

% ГОСТ Р 7.0.11-2011, Приложение Б, Диссертации
@BOOK{Lagkueva,
  author = {Лагкуева, Ирина Владимировна},
  title = {Особенности регулирования труда творческих работников театров: дис. ... канд. юрид. наук: 12.00.05},
  address = {М.},
  year = {2009},
  pagetotal = {168},
  language = {russian}
}

@BOOK{Pokrovski,
  author = {Покровский, Андрей Владимирович},
  title = {Устранимые особенности решений эллиптических уравнений: дис. ... д-ра физ.-мат. наук: 01.01.01},
  address = {М.},
  year = {2008},
  pagetotal = {178},
  language = {russian}
}

% ГОСТ Р 7.0.11-2011, Приложение Б, Авторефераты диссертаций
@BOOK{Sirotko,
  author = {Сиротко, Владимир Викторович},
  title = {Медико-социальные аспекты городского травматизма в современных условиях : автореф. дис. ... канд. мед. наук : 14.00.33},
  address = {М.},
  year = {2006},
  pagetotal = {26},
  language = {russian}
}

@BOOK{Lukina,
  author = {Лукина, Валентина Александровна},
  title = {Творческая история «Записок охотника» И. С. Тургенева: автореф. дис. ... канд. филол. наук : 10.01.01},
  address = {СПб.},
  year = {2006},
  pagetotal = {26},
  language = {russian}
}

% ГОСТ Р 7.0.11-2011, Приложение Б, Отчёты о научно-исследовательской работе
@BOOK{Methodology,
  author = {Загорюев, А. Л.},
  title = {Методология и методы изучения военно-профессиональной направленности подростков: отчёт о НИР},
  address = {Екатеринбург},
  institution = {Уральский институт практической психологии},
  year = {2008},
  pagetotal = {102},
  language = {russian}
}

% ГОСТ Р 7.0.11-2011, Приложение Б, Электронные ресурсы
@BOOK{Encyclopedia,
  title = {Художественная энциклопедия зарубежного классического искусства [Электронный ресурс]},
  address = {М.},
  publisher = {Большая Рос. энкцикл.},
  year = {1996},
  note = {1 электрон. опт. диск (CD-ROM)},
  language = {russian}
}

@ARTICLE{Nasirova,
  author = {Насырова, Г. А.},
  title = {Модели государственного регулирования страховой деятельности [Электронный ресурс]},
  journal = {Вестник Финансовой академии},
  year = {2003},
  number = {4},
  note = {Режим доступа: http://vestnik.fa.ru/4(28)2003/4.html},
  language = {russian}
}

% ГОСТ Р 7.0.11-2011, Приложение Б, Статьи

@ARTICLE{Berestova,
  author = {Берестова, Т. Ф.},
  title = {Поисковые инструмены библиотеки},
  journal = {Библиография},
  year = {2006},
  number = {4},
  pages = {19},
  language = {russian}
}

@ARTICLE{Kriger,
  author = {Кригер, И.},
  title =  {Бумага терпит},
  journal = {Новая газета},
  year = {2009},
  note = {1 июля},
  language = {russian}
}


% Examples from https://verbosus.com/bibtex-style-examples.html
@ARTICLE{Article,
  author   = {Peter Adams},
  title    = {The title of the work},
  journal  = {The name of the journal},
  year     = {1993},
  number   = {2},
  pages    = {201-213},
  month    = {7},
  note     = {An optional note},
  volume   = {4},
  language = {english}
}

@BOOK{Book,
  author    = {Peter Babington}, 
  title     = {The title of the work},
  publisher = {The name of the publisher},
  year      = {1993},
  volume    = {4},
  series    = {10},
  address   = {The address},
  edition   = {3},
  month     = {7},
  note      = {An optional note},
  isbn      = {3257227892},
  language  = {english}
}

@BOOKLET{Booklet,
  title        = {The title of the work},
  author       = {Peter Caxton}, 
  howpublished = {How it was published},
  address      = {The address of the publisher},
  month        = {7},
  year         = {1993},
  note         = {An optional note},
  language     = {english}
}

@CONFERENCE{Conference,
  author       = {Peter Draper}, 
  title        = {The title of the work},
  booktitle    = {The title of the book},
  year         = {1993},
  editor       = {The editor},
  volume       = {4},
  series       = {5},
  pages        = {213},
  address      = {The address of the publisher},
  month        = {7},
  organization = {The organization},
  publisher    = {The publisher},
  note         = {An optional note},
  language     = {english}
}

@INBOOK{Inbook,
  author       = {Peter Eston},
  title        = {The title of the work},
  booktitle    = {Book title},
  chapter      = {8},
  pages        = {201-213},
  publisher    = {The name of the publisher},
  year         = {1993},
  volume       = {4},
  series       = {5},
  address      = {The address of the publisher},
  edition      = {3},
  month        = {7},
  note         = {An optional note},
  language     = {english}
}

@INCOLLECTION{Incollection,
  author       = {Peter Farindon},
  title        = {The title of the work},
  booktitle    = {The title of the book},
  publisher    = {The name of the publisher},
  year         = {1993},
  editor       = {The editor},
  volume       = {4},
  series       = {5},
  chapter      = {8},
  pages        = {201-213},
  address      = {The address of the publisher},
  edition      = {3},
  month        = {7},
  note         = {An optional note},
  language     = {english}
}

@MANUAL{Manual,
  title        = {The title of the work},
  author       = {Peter Gainsford}, 
  organization = {The organization},
  address      = {The address of the publisher},
  edition      = {3},
  month        = {7},
  year         = {1993},
  note         = {An optional note},
  language     = {english}
}

@MASTERSTHESIS{Mastersthesis,
  author       = {Peter Harwood},
  title        = {The title of the work},
  school       = {The school where the thesis was written},
  year         = {1993},
  address      = {The address of the publisher},
  month        = {7},
  note         = {An optional note},
  language     = {english}
}

@MISC{Misc,
  author       = {Peter Isley},
  title        = {The title of the work},
  howpublished = {How it was published},
  month        = {7},
  year         = {1993},
  note         = {An optional note},
  language     = {english}
}

@PHDTHESIS{Phdthesis,
  author       = {Peter Joslin}, 
  title        = {The title of the work},
  school       = {The school where the thesis was written},
  year         = {1993},
  address      = {The address of the publisher},
  month        = {7},
  note         = {An optional note},
  language     = {english}
}

@PROCEEDINGS{Proceedings,
  title        = {The title of the work},
  year         = {1993},
  editor       = {Peter Kidwelly},
  volume       = {4},
  series       = {5},
  address      = {The address of the publisher},
  month        = {7},
  organization = {The organization},
  publisher    = {The name of the publisher},
  note         = {An optional note},
  language     = {english}
}

@TECHREPORT{Techreport,
  author       = {Peter Lambert},
  title        = {The title of the work},
  institution  = {The institution that published},
  year         = {1993},
  number       = {2},
  address      = {The address of the publisher},
  month        = {7},
  note         = {An optional note},
  language     = {english}
}

@UNPUBLISHED{Unpublished,
  author       = {Peter Marcheford}, 
  title        = {The title of the work},
  note         = {An optional note},
  month        = {7},
  year         = {1993},
  language     = {english}
}

%%% Реальные примеры

% Инициалы должны быть записаны после запятой, с точками, через пробел
% http://www.kit-e.ru/articles/elcomp/2006_12_124.php
% Подчёркивания в ссылке приходится экранировать
% http://www.kit-e.ru/articles/elcomp/2006\_12\_124.php
@online{medvedev2006jelektronnye,
  title={Электронные компоненты и монтажные подложки},
  author={Медведев, А. М.},
  journal={Компоненты и технологии},
  number={12},
  pages={124~--~134},
  year={2006},
  medium={Электронный ресурс},
  url = {http://www.kit-e.ru/articles/elcomp/2006\_12\_124.php},
  urldate = {19.01.2015},
  language = {russian}
}

% Real example
% & в названии журнала надо экранировать
% 10.1002/1521-4125(200007)23:7<581::AID-CEAT581>3.0.CO;2-P
% < > в ссылке приходится экранировать %3C и %3E, а потом ещё знаки процента в них экранировать
% 10.1002/1521-4125(200007)23:7%3C581::AID-CEAT581%3E3.0.CO;2-P
% 10.1002/1521-4125(200007)23:7\%3C581::AID-CEAT581\%3E3.0.CO;2-P
% url не нужен. если запись о бумажной публикации
@article {CEAT:CEAT581,
  author = {Deiters, U. K.},
  title = {A Modular Program System for the Calculation of Thermodynamic Properties of Fluids},
  journal = {Chemical Engineering \& Technology},
  volume = {23},
  number = {7},
  publisher = {WILEY-VCH Verlag},
  issn = {1521-4125},
  doi = {10.1002/1521-4125(200007)23:7\%3C581::AID-CEAT581\%3E3.0.CO;2-P},
  pages = {581~--~584},
  year = {2000},
  language = {english}
}

% Real with  4 authors
@article{doi:10.1080/01932691.2010.513279,
  author = { {\relax Y}oung-{\relax S}ang   Cho  and  {\relax Y}oung   {\relax K}uk   Kim  and  {\relax K}ook   {\relax C}hae   Chung  and  {\relax C}hul   {\relax J}in   Choi },
  title = {Deformation of Colloidal Crystals for Photonic Band Gap Tuning},
  journal = {Journal of Dispersion Science and Technology},
  volume = {32},
  number = {10},
  pages = {1408-1415},
  year = {2011},
  doi = {10.1080/01932691.2010.513279},
  language = {english}
}

% doi with (), author with umlaut or other unicode or specific symbols, 9 authors
% latex don't like Gösele1999161 in ref
% Умляуты в авторах понимаются из-за поддержки в юникодной странице pdflatex и xelatex
% Иллюстрация того, что будет. если на английской записи будут поставлена пометка, что язык русский
@article{Gosele1999161,
  title = "Wafer bonding for microsystems technologies ",
  journal = "Sensors and Actuators A: Physical ",
  volume = "74",
  number = "1–3",
  pages = "161 - 168",
  year = "1999",
  issn = "0924-4247",
  doi = "10.1016/S0924-4247(98)00310-0",
  author = "Gösele, U. and Tong, Q.-Y. and Schumacher, A. and Kräuter, G. and Reiche, M. and Plößl, A. and Kopperschmidt, P. and Lee, T.-H. and Kim, W.-J.",
  keywords = "Wafer bonding",
  keywords = "Fusion bonding",
  keywords = "Pressure sensors",
  keywords = "Interface reactions",
  keywords = "Hydrophilic bonding",
  keywords = "Hydrophobic bonding",
  language = {russian}
}

% Real example (from Google or Springer)
% unmodified styles don't know %language = {English}
% язык писать с маленьких
% иллюстрация incollection
% 10.1007/0-387-32989-7_45
% Подчёркивания в DOI приходится экранировать
% 10.1007/0-387-32989-7\_45
@incollection{Li2007StressAnalysis,
  year={2007},
  isbn={978-0-387-27974-9},
  booktitle={Micro- and Opto-Electronic Materials and Structures: Physics, Mechanics, Design, Reliability, Packaging},
  editor={Suhir, E. and Lee, Y. C. and Wong, C. P.},
  doi={10.1007/0-387-32989-7\_45},
  title={Stress Analysis for Processed Silicon Wafers and Packaged Micro-devices},
  publisher={Springer US},
  author={Li, {\relax L}i and Guo, {\relax Y}ifan and Zheng, {\relax D}awei},
  pages={B677-B709},
  language={english}
}

% Real, β sign 
% inputenc don't know β sign %aluminosilicate-β-quartz
% Знаки типа β, которые не знает таблица кодировки, с которой работает компилятор нужно заменять на latex команды
% doi должен быть без http://dx.doi.org/
@article{Shoji199895,
title = "Low-temperature anodic bonding using lithium aluminosilicate-$\beta$-quartz glass ceramic",
journal = "Sensors and Actuators A: Physical",
volume = "64",
number = "1",
pages = "95 - 100",
year = "1998",
note = "Tenth \{IEEE\} International Workshop on Micro Electro Mechanical Systems ",
issn = "0924-4247",
doi = "10.1016/S0924-4247(97)01659-2",
author = {{\relax S}huichi Shoji and {\relax H}iroto Kikuchi and {\relax H}irotaka Torigoe},
keywords = "Anodic bonding",
keywords = "Low-temperature bonding",
keywords = "Micro assembly",
keywords = "Micro package",
keywords = "Glass ceramic",
}


% from urlbst package
% Example from Jason Eisner, by mail (nothing special about the entry,
% but he seemed to be having formatting problems with unsrturl and proceedings
% entries.
% http://cs.jhu.edu/~jason/papers/#icassp07
@InProceedings{test:eisner-sample,
  author =       {Damianos Karakos and Sanjeev Khudanpur and Jason
                  Eisner and Carey~E. Priebe},
  title =        {Iterative denoising using {J}ensen-{R}enyi
                  divergences with an application to unsupervised
                  document categorization},
  booktitle =    {Proceedings of ICASSP},
  year =         2007,
  url =          {http://cs.jhu.edu/~jason/papers/\#icassp07}
}

% Попытка записать патент имеющимися средствами
@Book{iofis_patent1960,
  title                    = {Способ пайки керамики с~керамикой и~стекла с~металлом: а.\,с.~126728 СССР},
  author                   = {Иофис, Н. А.},
  year                     = {1960},
  pagetotal                 = {Бюл. № 5.~1},
  language                 = {russian}
}

% Попытка записать патент имеющимися средствами
@Book{AB_patent_Pomerantz_1968,
  title                    = {Anodic bonding: patent no. 3397278 US},
  author                   = {Pomerantz, D. I.},
  year                     = {1968},
  language                 = {english}
}




%%%%%%%%%%%%%%%%%%%%%%%%%%%%%%%%%%%%%%%%%%%%%%%%%%
%%%%%%%%%%%%%%%%%%SAMPLES%%%%%%%%%%%%%%%%%%%%%%%%%
%%%%%%%%%%%%%%%%%%%%%%%%%%%%%%%%%%%%%%%%%%%%%%%%%%


@online{Watson,
  title={IBM Watson},
  author={},
  journal={Wikipedia},
  number={1},
  pages={1~--~5},
  year={2014},
  medium={Электронный ресурс},
  url = {https://ru.wikipedia.org/wiki/IBM_Watson},
  urldate = {2014.05.01},
  language = {russian}
}


@online{SuperJob,
  title={Super Job. Уровень зарплат IT специалистов},
  author={},
  journal={SuperJob},
  number={1},
  pages={1~--~3},
  year={2014},
  medium={Электронный ресурс},
  url = {http://www.it-analytics.ru/analytics/trends/66314.html0.11-2011},
  urldate = {2015.05.01},
  language = {russian}
}

@online{TimeWeb,
  title={Стоимость аренды серверов},
  author={TimeWeb},
  year={2015},
  medium={Электронный ресурс},
  url = {http://timeweb.com/ru/services/dedicated-server/},
  urldate = {2015.11.01},
  language = {russian}
}

@ARTICLE{Berestova,
  author = {Берестова, Т.},
  title = {Поисковые инструменты библиотеки},
  journal = {Библиография},
  year = {2006},
  number = {4},
  pages = {19},
  pagetotal = {195},
  language = {russian}
}

@ARTICLE{Lobachevskii,
  author = {Тощев, А. С.},
  title = {К новой концепции  автоматизации программного обеспечения},
  journal = {Труды Математического центра имени Н.И. Лобачевского. Материалы Десятой молодежной научной школы-конференции  «Лобачевские чтения~---~2011. Казань, 31 октября~--~4 ноября 2011» },
  year = {2011},
  pages = {279~--~282},
  volume = {44},
  language = {russian}
}

%http://www.world-education-center.org/index.php/P-ITCS/issue/view/96
@ARTICLE{WCIT-2012,
  author = {Toshchev, A. and Talanov, M. and Krehov, A.},
  title = {Thinking-Understanding approach in IT maintenance domain automation},
  journal = {Global Journal on Technology: 3rd World Conference on Information Technology (WCIT-2012)},
  year = {2013},
  pages = {879~--~894},
  pagetotal ={1954},
  volume       = {3},
  language = {english}
}


@ARTICLE{AINL-2013,
  author = {Toshchev, A. and Talanov, M.},
  title = {Thinking model and machine understanding of English primitive texts and it's application in Infrastructure as Service domain},
  journal = {Proceedings of Conference "Artificial Intelligence and Natural Language (AINL-2013)"},
  year = {2013},
  note = {http://ainlconf.ru/material201303},
  pages = {14~--~19},
  language = {russian}
}

@ARTICLE{ISGZ,
  author = {Тощев, А.С. and Таланов, М.О.},
  title = {Архитектура и реализация интеллектуального агента для автоматической обработки входящих заявок с помощью искусственного интеллекта и семантических сетей},
  journal = {Ученые записки Института социально-гуманитарных знаний},
  issn={2078-6980},
  year = {2014},
  pages = {288~--~292},
  pagetotal ={305},
  volume       = {1 (12), Ч. II},
  language = {russian}
}

@ARTICLE{RCDL-2014,
  author = {Тощев, А.С.},
  title = {Модель мышления и понимания в автоматической обработке запросов пользователя},
  journal = {Труды 16-й Всероссийской научной конференции «Электронные библиотеки: перспективные методы и технологии, электронные коллекции»},
  year = {2014},
  pages = {425~--~427},
  language = {russian}
}

@ARTICLE{AMSTA-2015,
  author = {Toshchev, A. and Talanov, M.},
  title = {Thinking lifecycle as an implementation of machine understanding in software maintenance automation domain},
  journal = {Agent and Multi-Agent Systems: Technologies and Applications: 9th KES International Conference, KES-AMSTA, 2015 Sorrento, Italy, June 2015, Proceedings (Smart Innovation, Systems and Technologies) },
  year = {2015},
  volume       = {38},
  pages = {301~--~310},
  pagetotal ={467},
  language = {english}
}

@BOOK{Hawking,
  author = {Хокинг, С.},
  editor = {},
  address = {Москва},
  publisher = {Амфора},
  title = {Теория всего},
  year = {2009},
  pagetotal = {160},
  language = {russian}
}

@BOOK{PLN,
  author = {Goetzel, B. and Mathew, I.},
  address = {New York, USA},
  publisher = {Springer},
  title = {Probabilistic Logic Networks: A Comprehensive Conceptual, Mathematical and Computational Framework for Uncertain Inference},
  year = {2008},
  isbn={0-387-76871-8},
  pagetotal = {333},
  language = {english}
}
%Ben Goertzel, Matthew Iklé, Izabela Lyon Freire Goertzel, Ari Heljakka (2008). Probabilistic Logic Networks: A Comprehensive Conceptual, Mathematical and Computational Framework for Uncertain Inference. Springer. p. 333. ISBN 0-387-76871-8.

%Non-Axiomatic Logic
@BOOK{NARS,
  author = {Wang, P.},
  editor = {},
  address = {California, USA},
  publisher = {World Scientific Publishing Company},
  title = {Non-Axiomatic Logic
A Model of Intelligent Reasoning.},
  year = {2013},
  pagetotal = {276},
  language = {english}
}

@BOOK{Meyer,
  author = {Meyer, B.},
  editor = {},
  address = {Upper Sadle River, USA},
  publisher = {Prentis Hall},
  title = {Object-Oriented Software Construction 2nd Edition},
  year = {1997},
  pagetotal = {1296},
  language = {english}
}

%http://www.amazon.com/Owl-Representing-Information-Ontology-Language/dp/1412034485
@Book{OWL,
  Title                    = {Owl: Representing Information Using the Web Ontology Language},
  Author                   = {Lesly, Л.},
  Publisher                = {Tredford Publishing},
  Year                     = {2005},
  pagetotal 				   = {302},
  language				   = {english},					   
  address 				   = {47403, Blumington, Liberty drive 1663}
}

@BOOK{StanfordParser,
  author = {Veber, P. and Willams, D.},
  editor = {Zitello, Т.},
  address = {New Jersey, USA},
  publisher = {Prentis Hall},
  title = {Introduction to information processing},
  year = {2009},
  pagetotal = {581},
  language = {english}
}

@BOOK{JMS,
  author = {Robinson, S.},
  editor = {},
  address = {},
  publisher = {PACKT publishing},
  title = {WebSphere Application Server 7.0 Administration Guide},
  year = {2009},
  pagetotal = {344},
  language = {english}
}

@BOOK{ScalaProgrammingLanguage,
  author = {Odersky, M. and Spoon, L. and Wenners, B.},
  editor = {},
  address = {},
  publisher = {Artima},
  title = {Programming in Scala, Second Edition. A comprehensive step-by-step guide},
  year = {2010},
  pagetotal = {883},
  language = {russian}
}

@BOOK{JavaConcurrency,
  author = {Goetzel, B. and Payrels, Т. and Bloch, D.},
  editor = {},
  address = {},
  publisher = {Addison-Wesley Professional; 1 edition},
  title = {Java Concurrency in Practice},
  year = {2006},
  pagetotal = {384},
  language = {english}
}


@BOOK{AkkaConcurrency,
  author = {White, D.},
  editor = {Rolland, K.},
  address = {},
  publisher = {Artima},
  title = {Akka Concurrency},
  year = {2013},
  pagetotal = {521},
  language = {english}
}


@BOOK{HPOpenView,
  author = {Sokolov, A. and Serdobincev, К.},
  editor = {Shootze, H.},
  address = {Astrahan},
  publisher = {Astrahan},
  title = {HP OpenView System Administration Handbook: Network Node Manager, Customer Views, Service Information Portal, HP OpenView Operations},
  year = {2004},
  pagetotal = {688},
  language = {english}
}


@BOOK{ComputionalGeometry,
  author = {Minsky M. and Pappert S.},
  title = {Perceptrons: An Introduction to Computational Geometry},
  address = {Cambridge, Massuchesets},
  publisher = {MIT Press},
  year = {1988},
  pagetotal = {308},
  language = {утпдшыр}
}


% ГОСТ Р 7.0.11-2011, Приложение Б, Нормативные правовые акты
@BOOK{FiscalCodecs,
  title = {Налоговый кодекс Российской Федерации. Части 1 и 2},
  address = {Москва},
  publisher = {Эксмо},
  year = {2015},
  pagetotal = {1344},
  language = {russian}
}




@online{AnalysisResults,
  title={Analysis results for IT Outsourcing},
  author={Toshchev, A},
  journal={tu-project.com},
  year={2013},
  url = {http://tu-project.com/for-business/},
  urldate={01.01.2016},
  language = {english}
}


@BOOK{PLN,
  author = {Goetzel, B.},
  title = {Probabilistic Logic Networks. A Comprehensive Framework for Uncertain Inference},
  address = {NY, USA},
  publisher = {Springer},
  year = {2008},
  pagetotal = {308},
  language = {english}
}



@online{OpenCog,
  title={OpenCog},
  author = {Goetzel, B.},
  year={2012},
  url = {http://opencog.org/},
  urldate={01.01.2016},
  language = {english}
}

@online{OpenCogRelex,
  title={OpenCog},
  author = {Wikipedia},
  year={2012},
  url = {http://wiki.opencog.org/w/RelEx},
  urldate={01.01.2016},
  language = {english}
}

@online{OpenNLP,
  title={Apache OpenNLP},
  author = {Apache Software Foundation},
  year={2012},
  url = {https://opennlp.apache.org/},
  urldate={01.01.2016},
  language = {english}
}

@online{IBMWatson,
  title={IBM watson},
  author = {IBM},
  journal={IBM watson},
  number={1},
  pages={1~--~5},
  year={2014},
  url = {http://www.ibm.com/analytics/watson-analytics/},
  urldate={01.01.2016},
  language = {english}
}

%http://link.springer.com/chapter/10.1007%2F1-4020-5386-X_20
@Article{lieberman2005,
  Title                    = {Feasibility Studies for Programming in Natural Language},
  Author                   = {Lieberman, H. and Liu, H. and Wulf, V.},
  Journal                  = {End-User Development},
  Year                     = {2006},
  pages = {459~--~473},
  pagetotal ={492},
  volume = {9},
  language = {english}
  
}

@Article{liu2005,
  Title                    = {Programmatic Semantics for Natural Language Interfaces},
  Author                   = {Liu, H. and Lieberman, H.},
  Journal                = {ACM Conference on Computers \& Human Interaction (CHI-2005)},
  Year                     = {2005},
  pages = {1597~--~1600},
  pagetotal ={1800},
  volume = {9},
  language = {english}
  
}

@ARTICLE{Metafor,
  author = {Liu, H. and Lieberman, H.},
  title = {Metafor: Visualizing Stories as Code},
  journal = {Proceeding IUI '05 Proceedings of the 10th international conference on Intelligent user interfaces},
  year = {2005},
  volume       = {1297},
  pages = {305~--~307},
  pagetotal ={350},
  language = {english}
}


@BOOK{EmotionMachine,
  author = {Minsky, M.},
  title = {The Emotion Machine},
  address = {New York, USA},
  publisher = {Simon \& Schuster},
  year = {2007},
  pagetotal = {400},
  language = {english}
}
@BOOK{SocietyOfMind,
  author = {Minsky, M.},
  title = {The Society of Mind},
  address = {NY, USA},
  publisher = {Simon \& Schuster},
  year = {2007},
  pagetotal = {336},
  language = {english}
}

%http://www.springer.com/us/book/9781402050442
@BOOK{NARS,
  author = {Wang, P.},
  title = {Rigid Flexibility: The Logic of Intelligence},
  address = {Netherlands},
  publisher = {Springer Netherlands},
  year = {2007},
  pagetotal = {402},
  language = {english}
}

%http://www.amazon.com/Artificial-Intelligence-Modern-Approach-Edition/dp/0136042597
@BOOK{ArtificialIntelligence,
  author = {Russel, S. and Norvig, P.},
  title = {Artificial Intelligence. A Modern approach},
  address = {New York, USA},
  publisher = {Pearson},
  year = {2010},
  pagetotal = {1152},
  language = {english}
}

@Article{SoftwareAutomation,
  Title                    = {Automating programming via concept mining, probabilistic reasoning over semantic knowledge base of SE domain},
  Author                   = {Talanov, M. and Krekhov, A. and Makhmutov, A.},
  Journal                = {2010 6th Central and Eastern European Software Engineering Conference, CEE-SECR 2010},
  Year                     = {2010},
  pages = {30~--~35},
  pagetotal ={230},
  volume = {9},
  language = {english}
  
}

@online{WolframAplha,
  title={Wolfram Alpha},
  author = {Wolfram},
  journal={Wolfram},
  number={1},
  pages={1~--~5},
  year={2014},
  url = {http://www.wolframalpha.com/},
  language = {english}
}

@online{AfterTheDeadline,
  title={After The Deadline},
  author = {After The Deadline},
  url = {http://www.afterthedeadline.com/},
  urldate = {01.01.2016}
}


@ARTICLE{linkgrammar,
  author = {Гринберг, Д.},
  title =  {Надежный алгоритм обработки для грамматики},
  journal = {Технический отчет Университета Карнеги Мелон CMU-CS-95-125},
  year = {1995},
  pages = {30~--~35},
  pagetotal ={230},
  volume = {9},
  language = {russian}
}

@ARTICLE{IJSE-1,
  author = {Toshchev, A. and Talanov, M.},
  title = {Computational emotional thinking and virtual neurotransmitters},
  journal = {International Journal of Synthetic Emotions (IJSE)},
  year = {2014},
  pages = {30~--~35},
  volume       = {5 (1)},
  language = {english}
}

% http://www.sciencedirect.com/science/article/pii/S0045790609001128
@ARTICLE{NEURAL,
  author = {Katidiotis, A. and Tsagkaris, K.},
  title = {Performance evaluation of artificial neural network-based learning schemes for cognitive radio systems},
  journal = {Computers \& Electrical Engineering},
  year = {2010},
  volume       = {36},
  issue  ={13},
  pages = {518~--~535},
  pagetotal ={800},
  publisher = {Elsevier},
  language = {english}
}
% http://www.springer.com/us/book/9783642217371
@ARTICLE{DTREE,
  author = {Deng, H. and Runger, G. and Tuv, E.},
  title = {Bias of importance measures for multi-valued attributes and solutions},
  journal = {Proceedings of the 21st International Conference on Artificial Neural Networks (ICANN)},
  year = {2011},
  pages = {293~--~300},
  pagetotal ={600},
  publisher = {Springer},
  language = {english}
}
%http://sbook.ru/emsu/contents/em150402sd.pdf
@ARTICLE{VAK-1,
  author = {Тощев, А.С.},
  title = {Возможности автоматизации разрешения инцидентов для
области удаленной поддержки информационной инфраструктуры
предприятия},
  journal = {Экономика и менеджмент систем управления},
  year = {2015},
  volume       = {4.2 (18)},
  issue  ={18},
  pages = {293~--~295},
  pagetotal ={300},
  publisher = {Научная книга},
  language = {russian}
}

@ARTICLE{EB-1,
  author = {Тощев, А.C. and Таланов, М.О.},
  title = {Вычислительная модель эмоций в интеллектуальных информационных системах},
  journal = {Электронные библиотеки},
  year = {2015},
  volume       = {18, №5},
  pages = {231~--~241},
  pagetotal ={300},
  publisher = {Издательство Казанского университета},
  language = {russian}
}

@ARTICLE{EB-2,
  author = {Тощев, А.С.},
  title = {Применение моделей мышления в интеллектуальных вопросно-ответных системах},
  journal = {Электронные библиотеки},
  year = {2015},
  volume       = {18, №5},
  issue  ={5},
  pages = {222~--~230},
  pagetotal ={300},
  publisher = {Издательство Казанского университета},
  language = {russian}
}

%http://www.amazon.com/A-Field-Guide-Genetic-Programming/dp/1409200736
@BOOK{GALG,
  author = {Poli, R. and Langdon, W. B. and McPhee, N.},
  title = {A Field Guide to Genetic Programming},
  year = {2008},
  pagetotal ={252},
  address={UK},
  publisher = {Lulu Enterprises, UK Ltd},
  language = {english}
}


@BOOK{UML,
  author = {Fowler, M.},
  title = {UML Distilled: A Brief Guide to the Standard Object Modeling Language (3rd Edition)},
  year = {2003},
  pagetotal       = {208},
  address={USA},
  publisher = {Addison-Wesley Professional; 3 edition},
  language = {english}
}
% http://protege.stanford.edu/publications/ontology_development/ontology101-noy-mcguinness.html
@ARTICLE{Protege,
  author = {Noy, N. and McGuiness, D.},
  title = {Ontology Development 101: A Guide to Creating Your First Ontology},
  journal = {Ontology Development 101: A Guide to Creating Your First Ontology},
  year = {2010},
  pages = {12~--~35},
  pagetotal ={300},
  publisher = {Stanford University},
  language = {english}
}
%http://link.springer.com/article/10.1007%2Fs10710-011-9148-z
@ARTICLE{ECJ,
  author = {White, D.},
  title = {Software review: the ECJ toolkit},
  journal = {Genetic Programming and Evolvable Machines},
  year = {2011},
  volume       = {13},
  issue  ={1},
  pages = {65~--~67},
  pagetotal ={1200},
  publisher = {Springer US},
  language = {english}
}

%http://www.igi-global.com/article/appraisal-coping-and-high-level-emotions-aspects-of-computational-emotional-thinking/138577
@ARTICLE{IJSE-2,
  author = {Toshchev, A. and Talanov, M.},
  title = {Appraisal, coping and high level emotions aspects of computational emotional thinking},
  journal = {International Journal of Synthetic Emotions (IJSE)},
  year = {2015},
  volume       = {6 (1)},
  pages = {65~--~72},
  pagetotal ={1200},
  language = {english}
}


%http://www.scopus.com/record/display.uri?eid=2-s2.0-84938546546&origin=resultslist&sort=plf-f&src=s&st1=help+desk+automation&st2=&sid=1436BC92AEED1F23CADD426A901CB776.kqQeWtawXauCyC8ghhRGJg%3a10&sot=b&sdt=b&sl=35&s=TITLE-ABS-KEY%28help+desk+automation%29&relpos=0&citeCnt=0&searchTerm=TITLE-ABS-KEY%28help+desk+automation%29
@ARTICLE{AUTOM-1,
  author = {Hartshorne, R.},
  title = {Outsourcing of information and knowledge services: A supplier’s view},
  journal = {Business Information Review},
  year = {2015},
  volume       = {32},
  pages = {103~--~109},
  pagetotal ={600},
  language = {english}
}


@online{AUTOS-1,
  author = "Statista",
  title = "Global market size of outsourced services from 2000 to 2014 (in billion U.S. dollars)",
  year = "2015",
  url = "http://www.statista.com/statistics/189788/global-outsourcing-market-size/",
  urldate = "25.01.2015"
}


@ARTICLE{NLP-1,
  author = {Tutubalina E.},
  title = {Mining Failures to Improve a Product: a Study aboutProblem Phrase Extraction From User Reviews},
  journal = {Proceedings of WSDM 2016},
  year = {2016},
  pages = {103~--~109},
  pagetotal ={400},
  %volume       = {32},
  language = {english}
}
@ARTICLE{SDAUTOM,
  author = {Коптелов, А.},
  title = {Автоматизация центра поддержки пользователей},
  journal = {Мобильные телекоммуникации},
  year = {2006},
  pages = {103~--~109},
  pagetotal ={300},
  volume       = {9},
  language = {russian}
}


@ARTICLE{WATSON-PO,
  author = {Devarakonda, M. and  Zhang, D. and  Tsou, C.H.},
  title = {Problem-oriented patient record summary: An early report on a Watson application},
  journal = {2014 IEEE 16th International Conference on e-Health Networking, Applications and Services},
  year = {2014},
  pages = {281~--~286},
  pagetotal ={300},
  volume       = {1},
  language = {english}
}

%http://www.programmableweb.com/news/top-10-machine-learning-apis-att-speech-ibm-watson-google-prediction/analysis/2015/08/03

@online{WATSON-PTOP,
  title={TOP 10 MACHINE LEARNING APIS: AT \emph T SPEECH, IBM WATSON, GOOGLE PREDICTION},
  author = {Wagner, J.},
  year={2015},
  url = {http://goo.gl/FQ9G6G},
  urldate={01.01.2016},
  language = {english}
  
}


%http://www.cfin.ru/press/zhuk/2006-7/2.shtml
@ARTICLE{OUTSOURCE-RENT,
  author = {Зацепа, C.},
  title = {Рентабельность малого бизнеса и ИТ-аутсорсинг},
  journal = {Управление компанией},
  year = {2006},
  volume       = {7},
  address = {г. Москва, ул. Б. Почтовая, д. 34, стр. 8},
  publisher = {РЦБ},
  pages = {90~--~98},
  pagetotal ={150},
  language = {russian}
}

%http://www.scopus.com/record/display.uri?eid=2-s2.0-84925424602&origin=resultslist&sort=plf-f&src=s&st1=Target-based+topic+model+for+problem+phrase+extraction&st2=&sid=1DB1AFC1B704F658DE5677BAE13DE7FA.y7ESLndDIsN8cE7qwvy6w%3a560&sot=b&sdt=b&sl=69&s=TITLE-ABS-KEY%28Target-based+topic+model+for+problem+phrase+extraction%29&relpos=0&citeCnt=0&searchTerm=TITLE-ABS-KEY%28Target-based+topic+model+for+problem+phrase+extraction%29
@ARTICLE{TUTUB-1,
  author = {Tutubalina, E.},
  title = {Target-based topic model for problem phrase extraction  (Conference Paper)},
  journal = {Lecture Notes in Computer Science (including subseries Lecture Notes in Artificial Intelligence and Lecture Notes in Bioinformatics)},
  year = {2015},
  volume       = {9022},
  pages = {271~--~277},
  pagetotal ={800},
  language = {english}
}

%http://www.scopus.com/record/display.uri?eid=2-s2.0-84916214414&origin=resultslist&sort=plf-f&src=s&sid=F6574CF194219851A5E0D9AB36B77E37.kqQeWtawXauCyC8ghhRGJg%3a150&sot=autdocs&sdt=autdocs&sl=18&s=AU-ID%2856441621500%29&relpos=1&citeCnt=0&searchTerm=

@ARTICLE{TUTUB-2,
  author = {Ivanov, V. and  Tutubalina, E.},
  title = {Clause-based approach to extracting problem phrases from user reviews of products},
  journal = {Communications in Computer and Information Science},
  year = {2014},
  volume       = {436},
  pages = {229~--~236},
  pagetotal ={400},
  language = {english}
}

%http://www.scopus.com/record/display.uri?eid=2-s2.0-84943350772&origin=resultslist&sort=plf-f&src=s&st1=machine+learning&st2=&sid=8CC32CA89D902EEF364131B6E575B67A.kqQeWtawXauCyC8ghhRGJg%3a640&sot=b&sdt=b&sl=31&s=TITLE-ABS-KEY%28machine+learning%29&relpos=6&citeCnt=0&searchTerm=TITLE-ABS-KEY%28machine+learning%29
@ARTICLE{LEARN-1,
  author = {Bello-Orgaz, G.A and Jung, J.J. and  Camacho, D.A.},
  title = {Social big data: Recent achievements and new challenges  (Article)},
  journal = {Information Fusion},
  year = {2015},
  volume       = {28},
  pages = {45~--~59},
  pagetotal ={500},
  language = {english}
}

% http://www.scopus.com/record/display.uri?eid=2-s2.0-84938265229&origin=resultslist&sort=plf-f&src=s&st1=machine+human+communication&st2=&sid=8CC32CA89D902EEF364131B6E575B67A.kqQeWtawXauCyC8ghhRGJg%3a770&sot=b&sdt=b&sl=42&s=TITLE-ABS-KEY%28machine+human+communication%29&relpos=11&citeCnt=0&searchTerm=TITLE-ABS-KEY%28machine+human+communication%29
@ARTICLE{LEARN-2,
  author = {Baddoura, R and Venture, G.},
  title = {This Robot is Sociable: Close-up on the Gestures and Measured Motion of a Human Responding to a Proactive Robot  (Article)},
  journal = {International Journal of Social Robotics},
  year = {2015},
  volume       = {7},
  pages = {489~--~496},
  pagetotal ={800},
  language = {english}
}

%http://www.scopus.com/record/display.uri?eid=2-s2.0-84943816961&origin=resultslist&sort=plf-f&src=s&st1=machine+logic&st2=&sid=8CC32CA89D902EEF364131B6E575B67A.kqQeWtawXauCyC8ghhRGJg%3a900&sot=b&sdt=b&sl=28&s=TITLE-ABS-KEY%28machine+logic%29&relpos=1&citeCnt=0&searchTerm=TITLE-ABS-KEY%28machine+logic%29
@ARTICLE{LEARN-3,
  author = {Michalos, G. and  Sipsas, P. and  Makris, S.},
  title = {Decision making logic for flexible assembly lines reconfiguration},
  journal = {Robotics and Computer-Integrated Manufacturing},
  year = {2016},
  volume       = {37},
  pages = {233~--~250},
  pagetotal ={600},
  language = {english}
}

%http://www.koptelov.net/10421099107410861076-it-1087108610761088107210791076107710831077108510801081-10851072-1072109110901089108610881089108010851075.html
@ARTICLE{StartToOutsource,
  author = {Коптелов, А.},
  title = {Вывод ИТ-подразделений на аутсорсинг: проблемы и решения},
  journal = {Информационные технологии},
  year = {2006},
  pages = {22~--~23},
  pagetotal ={70},
  volume       = {1311},
  language = {russian}
}

%http://www.koptelov.net/1040109110901089108610881089108010851075-1088107210791088107210731086109010821080-10551054.html
@ARTICLE{OutsourceSoft,
  author = {Коптелов, А. and Елманова, Н.},
  title = {Аутсорсинг разработки программного обеспечения},
  journal = {Информационные технологии},
  year = {2006},
  pages = {5~--~10},
  pagetotal ={70},
  volume       = {16},
  language = {russian}
}

%http://www.koptelov.net/1040109110901089108610881089108010851075-109410771085109010881072-10901077109310851080109510771089108210861081-108710861076107610771088107810821080.html
@ARTICLE{OutsourceSD,
  author = {Коптелов, А. and Уштей, С.},
  title = {Аутсорсинг центра технической поддержки пользователей},
  journal = {IT news},
  year = {2007},
  volume       = {2 (75)},
  pages = {5~--~10},
  pagetotal ={70},
  language = {russian}
}

@ARTICLE{OutsourceEff,
  author = {Коптелов, А. and Вишняков, О.},
  title = {Анализ эффективности аутсорсинга},
  journal = {IT news},
  year = {2007},
  volume       = {7 (80)},
  pages = {12~--~15},
  pagetotal ={63},
  language = {russian}
}

@ARTICLE{OutsourceIT,
  author = {Коптелов, А. and Караваев, И.},
  title = {ИТ-служба передается на аутсорсинг},
  journal = {ИКС},
  year = {2007},
  volume       = {8},
  pages = {22~--~24},
  pagetotal ={40},
  language = {russian}
}


@BOOK{UML,
  author = {Fowler, M.},
  title = {UML Distilled: A Brief Guide to the Standard Object Modeling Language (3rd Edition)},
  year = {2003},
  pagetotal       = {208},
  address={USA},
  publisher = {Addison-Wesley Professional; 3 edition},
  language = {english}
}

%http://hpc-russia.ru/book_ready.html
@BOOK{SuperComputer,
  author = {Садовничей, В. and  Савина, Г.},
  title = {Суперкомпьютерные технологии в науке, образовании и промышленности},
  year = {2009},
  pagetotal       = {232},
  isbn ={978-5-211-05719-7},
  address={Москва},
  publisher= {Издательство Московского университета},
  language = {russian}
}

@BOOK{ITIL1,
  author = {Ингланд, Р.},
  editor = {Скрынник, О.},
  title = {Введение в реальный ITSM},
  year = {2010},
  pagetotal       = {131},
  isbn ={5904584059, 9785904584054},
  address={Москва},
  publisher= {Лайвбук},
  language = {russian}
}

@BOOK{ITIL2,
  author = {Ингланд, Р.},
  title = {Овладевая ITIL},
  editor = {Скрынник, О.},
  year = {2011},
  address={Москва},
  pagetotal       = {200},
  publisher= {Лайвбук},
  language = {russian}
}

%https://books.google.ru/books?id=eo2dSLbZsZ8C&printsec=frontcover&dq=%D0%9C%D0%B5%D1%82%D0%BE%D0%B4%D0%B8%D1%87%D0%B5%D1%81%D0%BA%D0%BE%D0%B5+%D1%80%D1%83%D0%BA%D0%BE%D0%B2%D0%BE%D0%B4%D1%81%D1%82%D0%B2%D0%BE+%D0%B4%D0%BB%D1%8F+%D0%BF%D0%BE%D0%B4%D0%B3%D0%BE%D1%82%D0%BE%D0%B2%D0%BA%D0%B8+%D0%BA+%D0%BF%D1%80%D0%BE%D1%84%D0%B5%D1%81%D1%81%D0%B8%D0%BE%D0%BD%D0%B0%D0%BB%D1%8C%D0%BD%D1%8B%D0%BC&hl=ru&sa=X&ved=0ahUKEwjmo8Lf6bDKAhVm_HIKHe-MDgYQ6AEIHDAA#v=onepage&q=%D0%9C%D0%B5%D1%82%D0%BE%D0%B4%D0%B8%D1%87%D0%B5%D1%81%D0%BA%D0%BE%D0%B5%20%D1%80%D1%83%D0%BA%D0%BE%D0%B2%D0%BE%D0%B4%D1%81%D1%82%D0%B2%D0%BE%20%D0%B4%D0%BB%D1%8F%20%D0%BF%D0%BE%D0%B4%D0%B3%D0%BE%D1%82%D0%BE%D0%B2%D0%BA%D0%B8%20%D0%BA%20%D0%BF%D1%80%D0%BE%D1%84%D0%B5%D1%81%D1%81%D0%B8%D0%BE%D0%BD%D0%B0%D0%BB%D1%8C%D0%BD%D1%8B%D0%BC&f=false
@BOOK{ITIL3,
  author = {Будкова, Л. and Журавлёв, Р.},
  editor = {Скрынник, О.},
  title = {Методическое руководство для подготовки к профессиональным экзаменам ISO 20000 Foundation и ISO 20000 Foundation Bridge},
  year = {2011},
  address={Москва},
  pagetotal       = {124},
  publisher= {Лайвбук},
  language = {russian}
}

@ARTICLE{HP1,
  author = {Tsvetkov, A. and  Ponomareva, O. and  Yurina, M.},
  title = {Automation of incidents' recording process in the network of the mobile radio communication of standard GSM-900/1800  (Conference Paper)},
  journal = {24th International Crimean Conference Microwave and Telecommunication Technology, CriMiCo 2014. Sevastopol, Crimea. 7 September 2014 through 13 September 2014},
  year = {2014},
  volume       = {1},
  pages = {401~--~402},
  pagetotal ={1250},
  language = {english}
}

@ARTICLE{HP2,
  author = {Padhy, S. and  Kreutz, D. and  Casimiro, A. and  Pasin, M.},
  title = {Trustworthy and resilient monitoring system for cloud infrastructures  (Conference Paper)},
  journal = {Proceedings of the Workshop on Posters and Demos Track, PDT'11~--12th International Middleware Conference, Middleware'11},
  year = {2011},
  pages = {87~--~95},
  pagetotal ={1100},
  volume       = {1},
  language = {english}
}


@ARTICLE{HP3,
  author = {Gentschen, F. and  Hegering, H. and  Schiffers, M.},
  title = {IT service management across organizational boundaries},
  journal = {Managing Development and Application of Digital Technologies: Research Insights in the Munich Center for Digital Technology and Management},
  year = {2006},
  ages = {147~--~175},
  pagetotal ={341},
  volume       = {1},
  language = {english}
}




@online{HP4,
  author = {Catania, N. and Kumar, P. and Murray, B. and Pourhedari, H. and Vambenepe, W. and Wurster, K.},
  title = {Web Services Management Framework},
  journal = {Web Services Management Framework},
  year = {2003},
  volume       = {1},
  pages={1~--~7},
  year={2012},
  url = {http://devresource.hp.com/drc/specifications/wsmf/WSMF-Overview.jsp},
  urldate={01.01.2016},
  language = {english}
}

@online{HP5,
  author = {Catania, N. and Kumar, P. and Murray, B. and Pourhedari, H. and Vambenepe, W. and Wurster, K.},
  title = {Web Services Events (WS-Events)},
  journal = {Web Services Events (WS-Events)},
  year = {2003},
  volume       = {1},
  pages={1~--~7},
  year={2012},
   url = {http://devresource.hp.com/drc/specifications/wsmf/WS-Events.pdf},
   urldate={01.01.2016},
  language = {english}
}



@ARTICLE{SN1,
  author = {Alonso, R.A. and  Arneodo, G. and  Barring, O. and  Bonfillou, E. and  Dos Santos, M.C. and  Dore, V. and  Lefebure, V. and  Fedorko, I. and  Grossir, A. and  Hefferman, J. and  Lorenzo, P.M. and  Moller, M. and  Mira, O.P. and  Salter, W. and  Trevisani, F. and  Toteva, Z.},
  title = {Migration of the CERN IT data centre support system to servicenow  (Conference Paper)},
  journal = {Journal of Physics: Conference Series},
  year = {2013},
  pages={1~--~80},
  volume       = {513},
  language = {english}
}


@ARTICLE{SN2,
  author = {Gross, K. and  Hayashi, S. and  Teige, S. and  Quick, R.},
  title = {Open Science Grid (OSG) ticket synchronization: Keeping your home field advantage in a distributed environment  (Conference Paper)},
  journal = {Journal of Physics: Conference Series},
  year = {2012},
  pages={1~--~80},
  volume       = {396},
  language = {english}
}


@ARTICLE{IBM1,
  author = {Wang, C. and Kalyanpur, A. and Fan, J. and Boguraev, B.K. and Gondek, D.C.},
  title = {Relation extraction and scoring in DeepQA},
  journal = {IBM journal of Research and Development},
  year = {2012},
  pages={1~--~12},
  volume       = {56},
  language = {english}
}

@ARTICLE{IBM2,
  author = {Ferrucci, D. and Levas, A. and Bagchi, S. and Gondek, D. and Mueller, E.T.},
  title = {Watson: Beyond jeopardy! },
  journal = {Artificial Intelligence},
  year = {2013},
  pages = {93~--~105},
  volume       = {10.1016},
  language = {english}
}


%http://www.scopus.com/record/display.uri?eid=2-s2.0-0004804277&origin=resultslist&sort=plf-f&src=s&st1=Understanding+and+summarization&nlo=&nlr=&nls=&sid=1DB1AFC1B704F658DE5677BAE13DE7FA.y7ESLndDIsN8cE7qwvy6w%3a1740&sot=b&sdt=sisr&sl=46&s=TITLE-ABS-KEY%28Understanding+and+summarization%29&ref=%28alterman%29&relpos=2&citeCnt=4&searchTerm=%28TITLE-ABS-KEY%28Understanding+and+summarization%29%29+AND+%28alterman%29
@ARTICLE{IBM3,
  author = {Alterman, R.},
  title = {Understanding and summarization},
  journal = {Artificial Intelligence Review},
  year = {1991},
  pages = {239~--~254},
  volume       = {5},
  language = {english}
}

@ARTICLE{IBM4,
  author = {Chandrasekar, R.},
  title = {Elementary? Question answering, IBM's Watson, and the Jeopardy! challenge},
  journal = {Resonance},
  year = {2014},
  volume       = {19},
  pages = {222~--~241},
  language = {english}
}

@ARTICLE{IBM5,
  author = {Rajaraman, V.},
  title = {John McCarthy~--- Father of artificial intelligence},
  journal = {Resonance},
  year = {2014},
  volume       = {19~(3)},
  pages = {198~--~207},
  language = {english}
}


@ARTICLE{IBM6,
  author = {Jurafsky, D. and Martin, J.},
  title = {Detecting friendly, flirtatious, awkward, and assertive speech in speed-dates},
  journal = {Computer Speech and Language},
  year = {2013},
  volume       = {27},
  pages = {89~--~115},
  language = {english}
}

%http://www.scopus.com/record/display.uri?eid=2-s2.0-0036149522&origin=resultslist&sort=plf-f&src=s&st1=Deep+Blue&nlo=&nlr=&nls=&sid=1DB1AFC1B704F658DE5677BAE13DE7FA.y7ESLndDIsN8cE7qwvy6w%3a2950&sot=b&sdt=cl&cluster=scopubyr%2c%222002%22%2ct&sl=16&s=TITLE%28Deep+Blue%29&relpos=12&citeCnt=178&searchTerm=TITLE%28Deep+Blue%29+AND+%28+LIMIT-TO%28PUBYEAR%2C2002%29+%29+
@ARTICLE{IBM7,
  author = {Campbell, M. and Hoane Jr. and A.Joseph, Hsu, F.-H.},
  title = {Deep Blue},
  journal = {Artificial Intelligence},
  year = {2002},
  pages = {57~--~83},
  volume       = {134},
  language = {english}
}


@ARTICLE{REG1,
  author = {Mahdi, A. and  Tiun, S.},
  title = {Utilizing WordNet and regular expressions for instance-based schema matching},
  journal = {Research Journal of Applied Sciences, Engineering and Technology},
  year = {2014},
  volume       = {8},
  pages = {460~--~470},
  language = {english}
}
@ARTICLE{REG2,
  author = {Lamperti, G. and  Zhao, X.},
  title = {Diagnosis of active systems by semantic patterns},
  journal = {IEEE Transactions on Systems, Man, and Cybernetics: Systems},
  year = {2014},
  volume       = {8},
  pages = {1028~--~1043},
  language = {english}
}


 @ARTICLE{REG3,
  author = {Manshadi, M. ,  Gildea, D. ,  Allen, J.},
  title = {Integrating programming by example and natural language programming},
  journal = {Proceedings of the 27th AAAI Conference on Artificial Intelligence},
  year = {2013},
  pages = {661~--~667},
  #volume       = {8},
  language = {english}
}


 @ARTICLE{REG4,
  author = {Fantoni, G. and  Apreda, R. and  Dell'Orletta, F. and  Monge, M.},
  title = {Automatic extraction of function-behaviour-state information from patents},
  journal = {Advanced Engineering Informatics},
  year = {2013},
  pages = {317~--~334},
  volume       = {27},
  language = {english}
}



@ARTICLE{REG5,
  author = {Krasner, D. and  Langmore, I.},
  title = {Flexible processing and classification for eDiscovery},
  journal = {Frontiers in Artificial Intelligence and Applications},
  year = {2013},
  pages = {87~--~96},
  volume       = {259},
  language = {english}
}


@ARTICLE{DCFOREST,
  author = {Rokach, L. },
  title = {Decision forest: Twenty years of research},
  journal = {Information Fusion},
  year = {2015},
  pages = {111~--~125},
  volume       = {27,~29},
  language = {english}
}

@ARTICLE{DC1,
  author = {Anaya, A. and  Luque, M. and  Peinado, M.},
  title = {A visual recommender tool in a collaborative learning experience},
  journal = {Expert Systems with Applications},
  year = {2016},
  pages = {248~--~259},
  volume       = {45},
  language = {english}
}


@ARTICLE{DC2,
  author = {Sinha, Y. and  Jain, P. and  Kasliwal, N.},
  title = {Comparative study of preprocessing and classification methods in character recognition of natural scene images},
  journal = {Advances in Intelligent Systems and Computing},
  year = {2016},
  pages = {119~--~129},
  volume       = {45},
  language = {english}
}

@ARTICLE{DC3,
  author = {Trujillo-Rasua, R. and  Yero, I.},
  title = {K-Metric antidimension: A privacy measure for social graphs},
  journal = {Information Sciences},
  year = {2015},
  pages = {403~--~417},
  volume       = {328},
  language = {english}
}


@ARTICLE{G1,
  author = {Bedia, M. and  Castillo, L. and  Lopez, C. and  Seron, F. and  Isaza, G.},
  title = {Designing virtual bots for optimizing strategy-game groups},
  journal = {Neurocomputing},
  year = {2015},
   pages = {453~--~458},
  volume       = {172},
  language = {english}
}
@ARTICLE{G2,
  author = {Bukharov, O. and  Bogolyubov, D.},
  title = {Development of a decision support system based on neural networks and a genetic algorithm},
  journal = {Expert Systems with Applications},
  year = {2015},
   pages = {6177~--~6183},
  volume       = {42},
  language = {english}
}

@ARTICLE{G3,
  author = {Cheng, M. and  Chou, J. and  Cao, M.},
  title = {Nature-inspired metaheuristic multivariate adaptive regression splines for predicting refrigeration system performance},
  journal = {Soft Computing},
  year = {2015},
   pages = {13},
  #volume       = {42},
  language = {english}
}
@ARTICLE{M1,
  author = {Jiménez, T. and  Merayo, N. and  Andrés, A. and  Durán, R. and  Aguado, J. and  De Miguel, I. and  Fernández, P. ,  Lorenzo, R. and  Abril, E.},
  title = {An auto-tuning PID control system based on genetic algorithms to provide delay guarantees in Passive Optical Networks},
  journal = {Expert Systems with Applications},
  year = {2015},
   pages = {9211~--~9220},
  volume       = {42},
  language = {english}
}

@ARTICLE{W1,
  author = {Senagi, K. and  Okeyo, G. and  Cheruiyot, W. and  Kimwele, M. },
  title = {An aggregated technique for optimization of SOAP performance in communication in Web services},
  journal = {Service Oriented Computing and Applications},
  year = {2015},
  pages = {6~--~7},
  #volume       = {42},
  language = {english}
}

%TODO
@ARTICLE{GFITNESS,
  author = {Hoseini Alinodehi, S. P. and  Moshfe, S. and  Saber Zaeimian, M. and  Khoei, A. and  Hadidi, K.},
  title = {High-Speed General Purpose Genetic Algorithm Processor},
  journal = {IEEE Transactions on Cybernetics},
  year = {2015},
   pages = {2~--~3},
  #volume       = {42},
  language = {english}
}


@ARTICLE{THREELAYERARCH,
  author = {Rahman, M. M. and  Islam, M. M. and  Murase, K. and  Yao, X.},
  title = {Layered Ensemble Architecture for Time Series Forecasting},
  journal = {IEEE Transactions on Cybernetics},
  year = {2015},
  pages = {1~--~5},
  #volume       = {42},
  language = {english}
}
%Хикс дж. Теория экономической истории. М.: НП «Журнал Вопросы экономики», 2003. С.184-188; Hicks J. A Theory of Economic History. Oxford, 1969, pp. 145—166
@Article{IndustrialRev,
  author = {Хикс, Дж.},
  title = {Теория экономической истории},
  journal = {Вопросы экономики},
  year = {2003},
  address = {Москва},
  pages = {184~--~188},
  volume       = {8},
  language = {russian}
}
@ARTICLE{WebService,
  author = {Дергачев, А. М.},
  title = {Проблемы эффективного использования сетевых сервисов},
  journal = {Научно-технический вестник СПбГУ ИТМО},
  year = {2011},
  pages = {83~--~87},
  volume       = {71},
  language = {russian}
}

@BOOK{EA,
  author = {Giachetti, R.},
  title = {Design of Enterprise Systems: Theory, Architecture, and Methods},
  year = {2010},
  address       = {USA},
  pagetotal = {448},
  publisher= {CRC Press},
  language = {english}
}
@BOOK{Patterns,
  author = {Fowler, M.},
  title = {Patterns of Enterprise Application Architecture},
  year = {2010},
  address = {USA},
  pagetotal = {448},
  publisher= {Addison-Wesley Professional},
  language = {english}
}

@BOOK{AntiPatterns,
  author = {Brown, W.},
  title = {AntiPatterns: Refactoring Software, Architectures, and Projects in Crisis},
  year = {2010},
  address = {USA},
  pagetotal = {336},
  publisher= {Wiley},
  language = {english}
}

%http://www.scopus.com/record/display.uri?eid=2-s2.0-84943257554&origin=resultslist&sort=plf-f&src=s&st1=15th+Australian+Joint+Conference+on+Artificial+Intelligence%2c&nlo=&nlr=&nls=&sid=1DB1AFC1B704F658DE5677BAE13DE7FA.y7ESLndDIsN8cE7qwvy6w%3a6000&sot=b&sdt=cl&cluster=scoauthid%2c%227401577719%22%2ct&sl=65&s=ALL%2815th+Australian+Joint+Conference+on+Artificial+Intelligence%2c%29&relpos=2&citeCnt=2&searchTerm=ALL%2815th+Australian+Joint+Conference+on+Artificial+Intelligence%2C%29+AND+%28+LIMIT-TO%28AU-ID%2C%5C%26quot%3BRichards%2C+Debbie%5C%26quot%3B+7401577719%29+%29+

@ARTICLE{LG-2,
  author = {Richards, D. and  Boettger, K. and  Aguilera, O.},
  title = {A controlled language to assist conversion of use case descriptions into concept lattices},
  journal = {15th Australian Joint Conference on Artificial Intelligence, AI 2002; Canberra; Australia; 2 December 2002 through 6 December 2002; Code 141829},
  year = {2002},
  pages = {1~--~11},
  volume       = {2557},
  language = {english}
}

@ARTICLE{NLP,
  author = {Kongthon, A. and Sangkeettrakarn, C. and Kongyoung, S. and Haruechaiyasak, C.},
  title = {Implementing an online help desk system based on conversational agent},
  journal = {Proceeding, MEDES '09 Proceedings of the International Conference on Management of Emergent Digital EcoSystems},
  year = {2009},
  volume       = {1},
  pages={450~--~451},
  publisher = {ACM},
  language = {english}
}

%http://www.scopus.com/record/display.uri?eid=2-s2.0-33751179714&origin=resultslist&sort=plf-f&src=s&st1=HP+NLP&st2=&sid=DB8557B3F72F0FF8CF495CBC2D2FDA4B.f594dyPDCy4K3aQHRor6A%3a90&sot=b&sdt=b&sl=21&s=TITLE-ABS-KEY%28HP+NLP%29&relpos=3&citeCnt=3&searchTerm=TITLE-ABS-KEY%28HP+NLP%29
@ARTICLE{GATE-1,
  author = {Yang, C., and Chen, C., and Peng, C.},
  title = {Developing and evaluating an IT specification extraction system},
  journal = {Electronic Library},
  year = {2006},
  issue = {6},
  volume       = {24},
  pages={832~--~846},
  publisher={Emerald Group Publishing Ltd},
  language = {english}
}

%http://www.scopus.com/record/display.uri?eid=2-s2.0-84950115496&origin=resultslist&sort=plf-f&src=s&st1=IT+Incident+processing&nlo=&nlr=&nls=&sid=DB8557B3F72F0FF8CF495CBC2D2FDA4B.f594dyPDCy4K3aQHRor6A%3a370&sot=b&sdt=cl&cluster=scosubjabbr%2c%22COMP%22%2ct&sl=37&s=TITLE-ABS-KEY%28IT+Incident+processing%29&relpos=14&citeCnt=0&searchTerm=TITLE-ABS-KEY%28IT+Incident+processing%29+AND+%28+LIMIT-TO%28SUBJAREA%2C%5C%26quot%3BCOMP%5C%26quot%3B+%29+%29+
@ARTICLE{CHIN-1,
  author = {Jubilson, E. and  Dhanavanthini, P. and  Victer, P. and  Pravinpathi, V. and Coumare, M. and  Paranidharan, S.},
  title = {Intelligent telecommunication system using semantic-based information retrieval},
  journal = {Advances in Soft Computing},
  year = {2015},
  issue = {6},
  volume       = {381},
  pages={137~--~143},
  publisher={Springer Verlag},
  language = {english}
}
%http://www.scopus.com/record/display.uri?eid=2-s2.0-84924140296&origin=resultslist&sort=plf-f&src=s&st1=text+mining&nlo=&nlr=&nls=&sid=90D6D775954F59427D2D62FE0F486C26.aXczxbyuHHiXgaIW6Ho7g%3a130&sot=b&sdt=sisr&cluster=scosubtype%2c%22ar%22%2ct%2c%22re%22%2ct%2bscosubjabbr%2c%22COMP%22%2ct&sl=26&s=TITLE-ABS-KEY%28text+mining%29&ref=%28wolfram%29&relpos=4&citeCnt=0&searchTerm=%28TITLE-ABS-KEY%28text+mining%29%29+AND+%28wolfram%29+AND+%28+LIMIT-TO%28DOCTYPE%2C%5C%26quot%3Bar%5C%26quot%3B+%29+OR+LIMIT-TO%28DOCTYPE%2C%5C%26quot%3Bre%5C%26quot%3B+%29+%29++AND+%28+LIMIT-TO%28SUBJAREA%2C%5C%26quot%3BCOMP%5C%26quot%3B+%29+%29+

@ARTICLE{MIMIR,
  author = {Tablan, V. and  Bontcheva, K. and  Roberts, I. and Cunningham, H.},
  title = {Mímir: An open-source semantic search framework for interactive information seeking and discovery},
  journal = {Journal of Web Semantics},
  year = {2015},
  issue = {1},
  volume       = {30},
  pages={52~--~68},
  publisher={Elsevier},
  language = {english}
}

@ARTICLE{ONTCON,
  author = {Verma, C. and Mahadevan, V. and Rasiwasia, N. and Aggarwal, G. and Kant, R. and Jaimes, A. and Dey, S.},
  title = {Construction and evaluation of ontological tag trees},
  journal = {Expert Systems with Applications},
  year = {2015},
  issue = {24},
  volume       = {42},
  pages={9587~--~9602},
  publisher={Elsevier Ltd},
  language = {english}
}


@ARTICLE{SPB,
  author = {Iuzhanin, N. and Ezhakova, T. and Zolotarev, V. and Gaiduchok, V.},
  title = {Development of the configuration management system of the computer center and evaluation of its impact on the provision of IT services},
  journal = {Lecture Notes in Computer Science (including subseries Lecture Notes in Artificial Intelligence and Lecture Notes in Bioinformatics)},
  year = {2015},
  issue = {1},
  volume       = {9158},
  pages={249~--~258},
  publisher={Springer Verlag},
  language = {english}
}

@ARTICLE{SING,
  author = {Schubert, F. and Siu, C. and P. Chor},
  title = {A Web-based Intelligent Help Desk Support Environment},
  journal = {School of Computer Engineering, Nanyang Technological University},
  year = {2015},
  issue = {1},
  volume       = {9158},
  pages={249~--~258},
  publisher={Springer Verlag},
  language = {english}
}

@ARTICLE{Dunkel,
  author = {Billhardt, H. and Lujak, M. and Ossowski, S. and Bruns, R. and Dunkel, J.},
  title = {Intelligent event processing for emergency medical assistance},
  journal = {Proceedings of the ACM Symposium on Applied Computing},
  year = {2014},
  issue = {1},
  volume       = {1},
  pages={200~--~206},
  publisher={Association for Computing Machinery},
  language = {english}
}

@BOOK{TMO,
  author = {Петреченко, В.А.},
  title = {Прогнозирование эксплуатационных расходов на информационные технологии с применением теории массового обслуживания: дис. Петреченко В.А. канд. эконом. наук: 08.00.13},
  address = {М.},
  year = {2011},
  pagetotal = {174},
  language = {russian}
}


