%%%%%%%%%%%%%%%%%%%%%%%%%%%%%%%%%%%%%%%%%%%%%%%%%%
%%%%%%%%%%%%%%%%%%SAMPLES%%%%%%%%%%%%%%%%%%%%%%%%%
%%%%%%%%%%%%%%%%%%%%%%%%%%%%%%%%%%%%%%%%%%%%%%%%%%
% ГОСТ Р 7.0.11-2011, Приложение Б, Книги




@ARTICLE{Lobachevskii,
  author = {Тощев, А. С.},
  title = {К новой концепции  автоматизации программного обеспечения},
  journal = {Труды Математического центра имени Н.И. Лобачевского. Материалы Десятой молодежной научной школы-конференции  «Лобачевские чтения~---~2011. Казань, 31 октября~--~4 ноября 2011» },
  year = {2011},
  pages = {279~--~282},
  volume = {44},
  language = {russian}
}

%http://www.world-education-center.org/index.php/P-ITCS/issue/view/96
@ARTICLE{WCIT-2012,
  author = {Toshchev, A. and Talanov, M. and Krehov, A.},
  title = {Thinking-Understanding approach in IT maintenance domain automation},
  journal = {Global Journal on Technology: 3rd World Conference on Information Technology (WCIT-2012)},
  year = {2013},
  pages = {879~--~894},
  pagetotal ={1954},
  volume       = {3},
  language = {english}
}


@ARTICLE{AINL-2013,
  author = {Toshchev, A. and Talanov, M.},
  title = {Thinking model and machine understanding of English primitive texts and it's application in Infrastructure as Service domain},
  journal = {Proceedings of Conference "Artificial Intelligence and Natural Language (AINL-2013)"},
  year = {2013},
  note = {http://ainlconf.ru/material201303},
  pages = {14~--~19},
  language = {russian}
}

@ARTICLE{ISGZ,
  author = {Toschev, A.S. and Talanov, М.О.},
  title = {Architecture and implementation of the intellectual agent for the automatic incident processing using the AI and semantic networks},
  journal = {Science letters of the Social and humanitarian knowledges institue},
  issn={2078-6980},
  year = {2014},
  pages = {288~--~292},
  pagetotal ={305},
  volume       = {1 (12), P. II},
  language = {english}
}

@ARTICLE{RCDL-2014,
  author = {Toschev, А.S.},
  title = {Thinking and understanding model in automatic incident processing},
  journal = {16 Russian conference «Electronic libraries: perspective methods and technologies, electronic collections»},
  year = {2014},
  pages = {425~--~427},
  language = {english}
}

@ARTICLE{AMSTA-2015,
  author = {Toshchev, A. and Talanov, M.},
  title = {Thinking lifecycle as an implementation of machine understanding in software maintenance automation domain},
  journal = {Agent and Multi-Agent Systems: Technologies and Applications: 9th KES International Conference, KES-AMSTA, 2015 Sorrento, Italy, June 2015, Proceedings (Smart Innovation, Systems and Technologies) },
  year = {2015},
  volume       = {38},
  pages = {301~--~310},
  pagetotal ={467},
  language = {english}
}

@ARTICLE{IJSE-1,
  author = {Toshchev, A. and Talanov, M.},
  title = {Computational emotional thinking and virtual neurotransmitters},
  journal = {International Journal of Synthetic Emotions (IJSE)},
  year = {2014},
  pages = {30~--~35},
  volume       = {5 (1)},
  language = {english}
}
%http://www.igi-global.com/article/appraisal-coping-and-high-level-emotions-aspects-of-computational-emotional-thinking/138577
@ARTICLE{IJSE-2,
  author = {Toshchev, A. and Talanov, M.},
  title = {Appraisal, coping and high level emotions aspects of computational emotional thinking},
  journal = {International Journal of Synthetic Emotions (IJSE)},
  year = {2015},
  volume       = {6 (1)},
  pages = {65~--~72},
  pagetotal ={1200},
  language = {english}
}
%http://sbook.ru/emsu/contents/em150402sd.pdf
@ARTICLE{VAK-1,
  author = {Toschev, A.S.},
  title = {Possibilities of the automatic incident solving in remote infrastructure support},
  journal = {Economic and management of the management systems},
  year = {2015},
  volume       = {4.2 (18)},
  issue  ={18},
  pages = {293~--~295},
  pagetotal ={300},
  publisher = {Science book},
  language = {english}
}

@ARTICLE{EB-1,
  author = {Toschev, A.S. and Talamov, M.O.},
  title = {Calculated emotion model in the intellectual information systems},
  journal = {Electronic libraries},
  year = {2015},
  volume       = {18, №5},
  pages = {231~--~241},
  pagetotal ={300},
  publisher = {Kazan university publishing},
  language = {english}
}

@ARTICLE{EB-2,
  author = {Toschev, A.S.},
  title = {Application of the thinkind model in the in the intellectual query-answer information systems},
  journal = {Electronic libraries},
  year = {2015},
  volume       = {18, №5},
  issue  ={5},
  pages = {222~--~230},
  pagetotal ={300},
  publisher = {Kazan university publishing},
  language = {english}
}



