@ARTICLE{RCDL-2014,
  author = {Toshchev, A.},
  title = {Thinking model and machine understanding in automated user request processing},
  journal = {CEUR Workshop Proceedings},
  year = {2014},
  volume       = {1297},
  language = {russian}
}

@ARTICLE{AMSTA-2015,
  author = {Toshchev, A., Talanov, M.},
  title = {Thinking Lifecycle as an Implementation of Machine Understanding in Software Maintenance Automation Domain},
  journal = {Agent and Multi-Agent Systems: Technologies and Applications: 9th KES International Conference, KES-AMSTA 2015 Sorrento, Italy, June 2015, Proceedings (Smart Innovation, Systems and Technologies) },
  year = {2015},
  %volume       = {1297},
  language = {russian}
}


