@ARTICLE{ISGZ,
  author = {Toshchev, A., Talanov, M.},
  title = {ARCHITECTURE AND REALIZATION OF INTELLECTUAL AGENT FOR AUTOMATIC INCIDENT PROCESSING USING THE ARTIFICIAL INTELLIGENCE AND SEMANTIC NETWORKS},
  journal = {Ученые записки ИСГЗ 2078-6980},
  year = {2014},
  volume       = {2},
  language = {russian}
}

