% ГОСТ Р 7.0.11-2011, Приложение Б, Книги

@ARTICLE{Lobachevskii,
  author = {Тощев, А. С.},
  title = {К новой концепции  автоматизации программного обеспечения},
  journal = {Труды Математического центра имени Н.И. Лобачевского. Материалы Десятой молодежной научной школы-конференции 'Лобачевские чтения  -2011. - Казань, 31 октября - 4 ноября 2011'},
  year = {2011},
  numpages = {2},
  volume       = {44},
  %note = {Режим доступа: http://vestnik.fa.ru/4(28)2003/4.html},
  language = {russian}
}


@ARTICLE{WCIT-2012,
  author = {Toshchev, A., Talanov, M., Krehov, A., Khasianov, A.},
  title = {Thinking-Understanding approach in IT maintenance domain automation},
  journal = {Global Journal on Technology, Vol 3 (2013): 3rd World Conference on Information Technology (WCIT-2012)},
  year = {2013},
  volume       = {3},
  note = {Режим доступа: http://www.world-education-center.org/index.php/P-ITCS/issue/view/96},
  language = {russian}
}


@ARTICLE{AINL-2013,
  author = {Toshchev, A., Talanov, M.},
  title = {Thinking model and machine understanding of English primitive texts and it's application in Infrastructure as Service domain},
  journal = {Proceedings of AINL-2013},
  year = {2013},
  note = {Режим доступа: hhttp://ainlconf.ru/material201303},
  language = {russian}
}

@ARTICLE{ISGZ,
  author = {Toshchev, A., Talanov, M.},
  title = {ARCHITECTURE AND REALIZATION OF INTELLECTUAL AGENT FOR AUTOMATIC INCIDENT PROCESSING USING THE ARTIFICIAL INTELLIGENCE AND SEMANTIC NETWORKS},
  journal = {Ученые записки ИСГЗ 2078-6980},
  year = {2014},
  volume       = {2},
  %note = {Режим доступа: hhttp://ainlconf.ru/material201303},
  language = {russian}
}

@ARTICLE{RCDL-2014,
  author = {Toshchev, A.},
  title = {Thinking model and machine understanding in automated user request processing},
  journal = {CEUR Workshop Proceedings},
  year = {2014},
  volume       = {1297},
  language = {russian}
}

@ARTICLE{AMSTA-2015,
  author = {Toshchev, A., Talanov, M.},
  title = {Thinking Lifecycle as an Implementation of Machine Understanding in Software Maintenance Automation Domain},
  journal = {Agent and Multi-Agent Systems: Technologies and Applications: 9th KES International Conference, KES-AMSTA 2015 Sorrento, Italy, June 2015, Proceedings (Smart Innovation, Systems and Technologies) },
  year = {2015},
  %volume       = {1297},
  %note = {Режим доступа: hhttp://ainlconf.ru/material201303},
  language = {russian}
}
%http://www.igi-global.com/article/computational-emotional-thinking-and-virtual-neurotransmitters/113414
@ARTICLE{IJSE-1,
  author = {Toshchev, A., Talanov, M.},
  title = {Computational emotional thinking and virtual neurotransmitters},
  journal = {International Journal of Synthetic Emotions (IJSE)},
  year = {2014},
  volume       = {05/2014},
  language = {russian}
}
%http://www.igi-global.com/article/appraisal-coping-and-high-level-emotions-aspects-of-computational-emotional-thinking/138577
@ARTICLE{IJSE-2,
  author = {Toshchev, A., Talanov, M.},
  title = {Appraisal, Coping and High Level Emotions Aspects of Computational Emotional Thinking},
  journal = {International Journal of Synthetic Emotions (IJSE)},
  year = {2015},
  volume       = {06/2015},
  language = {russian}
}



